<record><leader>00000cas a2200000 a 4500</leader><controlfield tag="001">34174769</controlfield><controlfield tag="008">960212d19041958fludr ne      0    0eng c</controlfield><datafield ind1=" " ind2=" " tag="010"><subfield code="a">sn 95047477 </subfield></datafield><datafield ind1=" " ind2=" " tag="040"><subfield code="a">FUG</subfield><subfield code="b">eng</subfield><subfield code="c">FUG</subfield><subfield code="d">DLC</subfield><subfield code="d">OCLCQ</subfield><subfield code="d">OCLCF</subfield><subfield code="d">OCLCO</subfield></datafield><datafield ind1=" " ind2=" " tag="012"><subfield code="i">9602</subfield></datafield><datafield ind1="1" ind2=" " tag="029"><subfield code="a">AU@</subfield><subfield code="b">000013249720</subfield></datafield><datafield ind1=" " ind2=" " tag="042"><subfield code="a">pcc</subfield></datafield><datafield ind1=" " ind2=" " tag="043"><subfield code="a">n-us-fl</subfield></datafield><datafield ind1="0" ind2="0" tag="050"><subfield code="a">Newspaper</subfield></datafield><datafield ind1="0" ind2=" " tag="130"><subfield code="a">Tampa morning tribune (Tampa, Fla. : 1904)</subfield></datafield><datafield ind1="1" ind2="0" tag="245"><subfield code="a">Tampa morning tribune.</subfield></datafield><datafield ind1="1" ind2="3" tag="246"><subfield code="a">Tampa tribune</subfield></datafield><datafield ind1="1" ind2=" " tag="246"><subfield code="i">Issued on Sunday from &lt;1928&gt;-May 25, 1958 as:</subfield><subfield code="a">Tampa Sunday tribune</subfield></datafield><datafield ind1=" " ind2=" " tag="260"><subfield code="a">Tampa, Fla. :</subfield><subfield code="b">Tribune Pub. Co.,</subfield><subfield code="c">1904-1958.</subfield></datafield><datafield ind1=" " ind2=" " tag="300"><subfield code="a">v.</subfield></datafield><datafield ind1=" " ind2=" " tag="310"><subfield code="a">Daily,</subfield><subfield code="b">&lt;1910&gt;-May 30, 1958</subfield></datafield><datafield ind1=" " ind2=" " tag="321"><subfield code="a">Daily (except Monday),</subfield><subfield code="b">1904-&lt;1908&gt;</subfield></datafield><datafield ind1="0" ind2=" " tag="362"><subfield code="a">Vol. 11, no. 204 (Aug. 30, 1904)- ; -64th year, no. 151 (May 31, 1958).</subfield></datafield><datafield ind1=" " ind2=" " tag="500"><subfield code="a">W.F. Stovall, editor.</subfield></datafield><datafield ind1=" " ind2="0" tag="651"><subfield code="a">Tampa (Fla.)</subfield><subfield code="v">Newspapers.</subfield></datafield><datafield ind1=" " ind2="0" tag="651"><subfield code="a">Hillsborough County (Fla.)</subfield><subfield code="v">Newspapers.</subfield></datafield><datafield ind1=" " ind2="7" tag="655"><subfield code="a">Newspapers.</subfield><subfield code="2">fast</subfield><subfield code="0">(OCoLC)fst01423814</subfield></datafield><datafield ind1=" " ind2="7" tag="651"><subfield code="a">Florida</subfield><subfield code="z">Hillsborough County.</subfield><subfield code="2">fast</subfield><subfield code="0">(OCoLC)fst01210214</subfield></datafield><datafield ind1=" " ind2="7" tag="651"><subfield code="a">Florida</subfield><subfield code="z">Tampa.</subfield><subfield code="2">fast</subfield><subfield code="0">(OCoLC)fst01206282</subfield></datafield><datafield ind1=" " ind2=" " tag="752"><subfield code="a">United States</subfield><subfield code="b">Florida</subfield><subfield code="c">Hillsborough</subfield><subfield code="d">Tampa.</subfield></datafield><datafield ind1="0" ind2=" " tag="775"><subfield code="t">Weekly tribune (Tampa, Fla.)</subfield><subfield code="w">(DLC)sn 95047473</subfield><subfield code="w">(OCoLC)34174764</subfield></datafield><datafield ind1="0" ind2=" " tag="775"><subfield code="t">Tampa evening news</subfield><subfield code="g">&lt;1907&gt;</subfield><subfield code="w">(DLC)sn 97027609</subfield><subfield code="w">(OCoLC)36923599</subfield></datafield><datafield ind1="0" ind2=" " tag="775"><subfield code="t">Tampa tribune advertiser</subfield><subfield code="g">&lt;1931&gt;</subfield><subfield code="w">(DLC)sn 97027622</subfield><subfield code="w">(OCoLC)36923679</subfield></datafield><datafield ind1="0" ind2="0" tag="780"><subfield code="t">Morning tribune (Tampa, Fla. : 1897)</subfield><subfield code="w">(DLC)sn 86063020</subfield><subfield code="w">(OCoLC)13002139</subfield></datafield><datafield ind1="0" ind2="0" tag="785"><subfield code="t">Tampa tribune (Tampa, Fla. : 1958)</subfield><subfield code="w">(DLC)sn 82014280</subfield><subfield code="w">(OCoLC)8253122</subfield></datafield><datafield ind1=" " ind2=" " tag="850"><subfield code="a">FU</subfield></datafield></record>